<record><leader>00000cas a2200000 a 4500</leader><controlfield tag="001">12852670</controlfield><controlfield tag="008">851127d19771980kyuwr ne      0   a0eng d</controlfield><datafield ind1=" " ind2=" " tag="010"><subfield code="a">sn 85052203 </subfield></datafield><datafield ind1=" " ind2=" " tag="040"><subfield code="a">KNP</subfield><subfield code="b">eng</subfield><subfield code="c">KNP</subfield><subfield code="d">OCL</subfield><subfield code="d">OCLCQ</subfield></datafield><datafield ind1=" " ind2=" " tag="042"><subfield code="a">msc</subfield></datafield><datafield ind1="0" ind2="4" tag="245"><subfield code="a">The Leader of Boone County.</subfield></datafield><datafield ind1=" " ind2=" " tag="260"><subfield code="a">Florence, Ky. :</subfield><subfield code="b">[s.n.],</subfield><subfield code="c">1977-1980.</subfield></datafield><datafield ind1=" " ind2=" " tag="300"><subfield code="a">v. :</subfield><subfield code="b">ill.</subfield></datafield><datafield ind1=" " ind2=" " tag="310"><subfield code="a">Weekly</subfield></datafield><datafield ind1="0" ind2=" " tag="362"><subfield code="a">Vol. 1, no. 36 (July 7, 1977)-v. 4, no. 27 (Apr. 30, 1980).</subfield></datafield><datafield ind1=" " ind2="4" tag="651"><subfield code="a">Florence (Ky.)</subfield><subfield code="v">Newspapers.</subfield></datafield><datafield ind1=" " ind2="4" tag="651"><subfield code="a">Boone County (Ky.)</subfield><subfield code="v">Newspapers.</subfield></datafield><datafield ind1=" " ind2=" " tag="752"><subfield code="a">United States</subfield><subfield code="b">Kentucky</subfield><subfield code="c">Boone</subfield><subfield code="d">Florence.</subfield></datafield><datafield ind1="0" ind2="0" tag="780"><subfield code="t">Leader (Florence, Ky.)</subfield><subfield code="w">(DLC)sn 85052202</subfield><subfield code="w">(OCoLC)12852605</subfield></datafield><datafield ind1="0" ind2="7" tag="785"><subfield code="t">Advertiser (Walton, Ky.)</subfield><subfield code="w">(DLC)sn 85052199</subfield><subfield code="w">(OCoLC)12849501</subfield></datafield><datafield ind1="0" ind2="7" tag="785"><subfield code="t">Kenton County recorder (Edgewodd, Ky. : 1980)</subfield><subfield code="w">(DLC)sn 85052198</subfield><subfield code="w">(OCoLC)12852779</subfield></datafield><datafield ind1="1" ind2=" " tag="029"><subfield code="a">AU@</subfield><subfield code="b">000022168856</subfield></datafield></record>